%YAML 1.1
%TAG !u! tag:unity3d.com,2011:
--- !u!65 &8818072717065719734
BoxCollider:
  m_ObjectHideFlags: 0
  m_CorrespondingSourceObject: {fileID: 0}
  m_PrefabInstance: {fileID: 0}
  m_PrefabAsset: {fileID: 0}
  m_GameObject: {fileID: 78212537544372673}
  m_Material: {fileID: 0}
  m_IsTrigger: 1
  m_Enabled: 1
  serializedVersion: 2
  m_Size: {x: 0.53173465, y: 0.3158203, z: 0.34483403}
  m_Center: {x: 0.15801935, y: -0.035470344, z: 0.035363775}
--- !u!1 &8818072718320158924
GameObject:
  m_ObjectHideFlags: 0
  m_CorrespondingSourceObject: {fileID: 0}
  m_PrefabInstance: {fileID: 0}
  m_PrefabAsset: {fileID: 0}
  serializedVersion: 6
  m_Component:
  - component: {fileID: 8818072718320158925}
  m_Layer: 0
  m_Name: Mutant
  m_TagString: Untagged
  m_Icon: {fileID: 0}
  m_NavMeshLayer: 0
  m_StaticEditorFlags: 0
  m_IsActive: 1
--- !u!4 &8818072718320158925
Transform:
  m_ObjectHideFlags: 0
  m_CorrespondingSourceObject: {fileID: 0}
  m_PrefabInstance: {fileID: 0}
  m_PrefabAsset: {fileID: 0}
  m_GameObject: {fileID: 8818072718320158924}
  m_LocalRotation: {x: -0, y: 1, z: -0, w: 0}
  m_LocalPosition: {x: 11.577002, y: 0, z: 24.135149}
  m_LocalScale: {x: 1, y: 1, z: 1}
  m_Children:
  - {fileID: 9073256916214810987}
  m_Father: {fileID: 0}
  m_RootOrder: 0
  m_LocalEulerAnglesHint: {x: 0, y: 0, z: 0}
--- !u!54 &8818072718566138157
Rigidbody:
  m_ObjectHideFlags: 0
  m_CorrespondingSourceObject: {fileID: 0}
  m_PrefabInstance: {fileID: 0}
  m_PrefabAsset: {fileID: 0}
  m_GameObject: {fileID: 8548254010143364049}
  serializedVersion: 2
  m_Mass: 150
  m_Drag: 0
  m_AngularDrag: 0.05
  m_UseGravity: 1
  m_IsKinematic: 0
  m_Interpolate: 0
  m_Constraints: 112
  m_CollisionDetection: 0
--- !u!65 &8818072718566138156
BoxCollider:
  m_ObjectHideFlags: 0
  m_CorrespondingSourceObject: {fileID: 0}
  m_PrefabInstance: {fileID: 0}
  m_PrefabAsset: {fileID: 0}
  m_GameObject: {fileID: 8548254010143364049}
  m_Material: {fileID: 0}
  m_IsTrigger: 0
  m_Enabled: 1
  serializedVersion: 2
  m_Size: {x: 0.647707, y: 1.7159847, z: 0.40349388}
  m_Center: {x: -0.00166893, y: 0.9063098, z: -0.00047016144}
--- !u!82 &8818072718566138159
AudioSource:
  m_ObjectHideFlags: 0
  m_CorrespondingSourceObject: {fileID: 0}
  m_PrefabInstance: {fileID: 0}
  m_PrefabAsset: {fileID: 0}
  m_GameObject: {fileID: 8548254010143364049}
  m_Enabled: 1
  serializedVersion: 4
  OutputAudioMixerGroup: {fileID: 0}
  m_audioClip: {fileID: 0}
  m_PlayOnAwake: 1
  m_Volume: 1
  m_Pitch: 1
  Loop: 0
  Mute: 0
  Spatialize: 0
  SpatializePostEffects: 0
  Priority: 128
  DopplerLevel: 1
  MinDistance: 1
  MaxDistance: 500
  Pan2D: 0
  rolloffMode: 0
  BypassEffects: 0
  BypassListenerEffects: 0
  BypassReverbZones: 0
  rolloffCustomCurve:
    serializedVersion: 2
    m_Curve:
    - serializedVersion: 3
      time: 0
      value: 1
      inSlope: 0
      outSlope: 0
      tangentMode: 0
      weightedMode: 0
      inWeight: 0.33333334
      outWeight: 0.33333334
    - serializedVersion: 3
      time: 1
      value: 0
      inSlope: 0
      outSlope: 0
      tangentMode: 0
      weightedMode: 0
      inWeight: 0.33333334
      outWeight: 0.33333334
    m_PreInfinity: 2
    m_PostInfinity: 2
    m_RotationOrder: 4
  panLevelCustomCurve:
    serializedVersion: 2
    m_Curve:
    - serializedVersion: 3
      time: 0
      value: 0
      inSlope: 0
      outSlope: 0
      tangentMode: 0
      weightedMode: 0
      inWeight: 0.33333334
      outWeight: 0.33333334
    m_PreInfinity: 2
    m_PostInfinity: 2
    m_RotationOrder: 4
  spreadCustomCurve:
    serializedVersion: 2
    m_Curve:
    - serializedVersion: 3
      time: 0
      value: 0
      inSlope: 0
      outSlope: 0
      tangentMode: 0
      weightedMode: 0
      inWeight: 0.33333334
      outWeight: 0.33333334
    m_PreInfinity: 2
    m_PostInfinity: 2
    m_RotationOrder: 4
  reverbZoneMixCustomCurve:
    serializedVersion: 2
    m_Curve:
    - serializedVersion: 3
      time: 0
      value: 1
      inSlope: 0
      outSlope: 0
      tangentMode: 0
      weightedMode: 0
      inWeight: 0.33333334
      outWeight: 0.33333334
    m_PreInfinity: 2
    m_PostInfinity: 2
    m_RotationOrder: 4
--- !u!95 &8818072718566138131
Animator:
  serializedVersion: 3
  m_ObjectHideFlags: 0
  m_CorrespondingSourceObject: {fileID: 0}
  m_PrefabInstance: {fileID: 0}
  m_PrefabAsset: {fileID: 0}
  m_GameObject: {fileID: 8548254010143364049}
  m_Enabled: 1
  m_Avatar: {fileID: 0}
  m_Controller: {fileID: 9100000, guid: 1e6f383df9fc4a1439149455dd32b44f, type: 2}
  m_CullingMode: 0
  m_UpdateMode: 0
  m_ApplyRootMotion: 0
  m_LinearVelocityBlending: 0
  m_WarningMessage: 
  m_HasTransformHierarchy: 1
  m_AllowConstantClipSamplingOptimization: 1
  m_KeepAnimatorControllerStateOnDisable: 0
--- !u!195 &8818072718566138129
NavMeshAgent:
  m_ObjectHideFlags: 0
  m_CorrespondingSourceObject: {fileID: 0}
  m_PrefabInstance: {fileID: 0}
  m_PrefabAsset: {fileID: 0}
  m_GameObject: {fileID: 8548254010143364049}
  m_Enabled: 1
  m_AgentTypeID: 0
  m_Radius: 0.5
  m_Speed: 3.5
  m_Acceleration: 8
  avoidancePriority: 50
  m_AngularSpeed: 120
  m_StoppingDistance: 0
  m_AutoTraverseOffMeshLink: 1
  m_AutoBraking: 1
  m_AutoRepath: 1
  m_Height: 2
  m_BaseOffset: 0
  m_WalkableMask: 4294967295
  m_ObstacleAvoidanceType: 4
--- !u!114 &8818072718566138130
MonoBehaviour:
  m_ObjectHideFlags: 0
  m_CorrespondingSourceObject: {fileID: 0}
  m_PrefabInstance: {fileID: 0}
  m_PrefabAsset: {fileID: 0}
  m_GameObject: {fileID: 8548254010143364049}
  m_Enabled: 1
  m_EditorHideFlags: 0
  m_Script: {fileID: 11500000, guid: 5d5a0fd94b978c04983423e7a2ead9b3, type: 3}
  m_Name: 
  m_EditorClassIdentifier: 
  hp: 50
  target: {fileID: 0}
  distance: 0
  NavMeshAgentEnemy: {fileID: 0}
  animator: {fileID: 0}
  die: {fileID: 6271578226595049138, guid: c19031381e5693041bf76b6ef61a9148, type: 3}
  diePlayer: 0
  AudioSource: {fileID: 0}
  run: {fileID: 8300000, guid: 2164690df85e1c742b5df91b02f5fccb, type: 3}
  idle: {fileID: 8300000, guid: b2050d0c06e5b9049a3345d8268bc25f, type: 3}
  attack: {fileID: 8300000, guid: 9d2add7a0c965334ca958140f35761dc, type: 3}
  idle1: {fileID: 0}
  mutant: 0
  WolkTimer: 0
  PunchTimer: 0
  IdleTimer: 0
--- !u!1001 &8818072717739323008
PrefabInstance:
  m_ObjectHideFlags: 0
  serializedVersion: 2
  m_Modification:
    m_TransformParent: {fileID: 8818072718320158925}
    m_Modifications:
    - target: {fileID: -8679921383154817045, guid: eb1eb3d438a7a784ea733bb4dd95b800, type: 3}
      propertyPath: m_RootOrder
      value: 0
      objectReference: {fileID: 0}
    - target: {fileID: -8679921383154817045, guid: eb1eb3d438a7a784ea733bb4dd95b800, type: 3}
      propertyPath: m_LocalPosition.x
      value: 0
      objectReference: {fileID: 0}
    - target: {fileID: -8679921383154817045, guid: eb1eb3d438a7a784ea733bb4dd95b800, type: 3}
      propertyPath: m_LocalPosition.y
      value: 0
      objectReference: {fileID: 0}
    - target: {fileID: -8679921383154817045, guid: eb1eb3d438a7a784ea733bb4dd95b800, type: 3}
      propertyPath: m_LocalPosition.z
      value: 0
      objectReference: {fileID: 0}
    - target: {fileID: -8679921383154817045, guid: eb1eb3d438a7a784ea733bb4dd95b800, type: 3}
      propertyPath: m_LocalRotation.w
      value: 1
      objectReference: {fileID: 0}
    - target: {fileID: -8679921383154817045, guid: eb1eb3d438a7a784ea733bb4dd95b800, type: 3}
      propertyPath: m_LocalRotation.x
      value: -0
      objectReference: {fileID: 0}
    - target: {fileID: -8679921383154817045, guid: eb1eb3d438a7a784ea733bb4dd95b800, type: 3}
      propertyPath: m_LocalRotation.y
      value: -0
      objectReference: {fileID: 0}
    - target: {fileID: -8679921383154817045, guid: eb1eb3d438a7a784ea733bb4dd95b800, type: 3}
      propertyPath: m_LocalRotation.z
      value: 0
      objectReference: {fileID: 0}
    - target: {fileID: -8679921383154817045, guid: eb1eb3d438a7a784ea733bb4dd95b800, type: 3}
      propertyPath: m_LocalEulerAnglesHint.x
      value: 0
      objectReference: {fileID: 0}
    - target: {fileID: -8679921383154817045, guid: eb1eb3d438a7a784ea733bb4dd95b800, type: 3}
      propertyPath: m_LocalEulerAnglesHint.y
      value: 180
      objectReference: {fileID: 0}
    - target: {fileID: -8679921383154817045, guid: eb1eb3d438a7a784ea733bb4dd95b800, type: 3}
      propertyPath: m_LocalEulerAnglesHint.z
      value: 0
      objectReference: {fileID: 0}
    - target: {fileID: 400914139558267273, guid: eb1eb3d438a7a784ea733bb4dd95b800, type: 3}
      propertyPath: m_TagString
      value: EnemyPanch
      objectReference: {fileID: 0}
    - target: {fileID: 919132149155446097, guid: eb1eb3d438a7a784ea733bb4dd95b800, type: 3}
      propertyPath: m_Name
      value: mutant (3)
      objectReference: {fileID: 0}
    - target: {fileID: 919132149155446097, guid: eb1eb3d438a7a784ea733bb4dd95b800, type: 3}
      propertyPath: m_IsActive
      value: 1
      objectReference: {fileID: 0}
    - target: {fileID: 919132149155446097, guid: eb1eb3d438a7a784ea733bb4dd95b800, type: 3}
      propertyPath: m_TagString
      value: Enemy
      objectReference: {fileID: 0}
    - target: {fileID: 8896240431922814785, guid: eb1eb3d438a7a784ea733bb4dd95b800, type: 3}
      propertyPath: m_TagString
      value: EnemyPanch
      objectReference: {fileID: 0}
    m_RemovedComponents: []
  m_SourcePrefab: {fileID: 100100000, guid: eb1eb3d438a7a784ea733bb4dd95b800, type: 3}
--- !u!1 &8548254010143364049 stripped
GameObject:
  m_CorrespondingSourceObject: {fileID: 919132149155446097, guid: eb1eb3d438a7a784ea733bb4dd95b800, type: 3}
  m_PrefabInstance: {fileID: 8818072717739323008}
  m_PrefabAsset: {fileID: 0}
--- !u!4 &9073256916214810987 stripped
Transform:
  m_CorrespondingSourceObject: {fileID: -8679921383154817045, guid: eb1eb3d438a7a784ea733bb4dd95b800, type: 3}
  m_PrefabInstance: {fileID: 8818072717739323008}
  m_PrefabAsset: {fileID: 0}
--- !u!1 &78212537544372673 stripped
GameObject:
  m_CorrespondingSourceObject: {fileID: 8896240431922814785, guid: eb1eb3d438a7a784ea733bb4dd95b800, type: 3}
  m_PrefabInstance: {fileID: 8818072717739323008}
  m_PrefabAsset: {fileID: 0}
